<record><leader>01346cam a2200385 i 45 0</leader><controlfield tag="001">6813421</controlfield><controlfield tag="003">OCoLC</controlfield><controlfield tag="005">20150302132736.0</controlfield><controlfield tag="008">140430s2015    nyua     b    001 0 eng  </controlfield><datafield ind1=" " ind2=" " tag="010"><subfield code="a">  2014016926</subfield></datafield><datafield ind1=" " ind2=" " tag="020"><subfield code="a">9780231164481 (cloth : alk. paper)</subfield></datafield><datafield ind1=" " ind2=" " tag="020"><subfield code="a">0231164483 (cloth : alk. paper)</subfield></datafield><datafield ind1=" " ind2=" " tag="020"><subfield code="z">9780231538459 (e-book)</subfield></datafield><datafield ind1=" " ind2=" " tag="035"><subfield code="a">ocn878953792</subfield></datafield><datafield ind1=" " ind2=" " tag="040"><subfield code="a">DLC</subfield><subfield code="b">eng</subfield><subfield code="e">rda</subfield><subfield code="c">DLC</subfield><subfield code="d">OCLCO</subfield><subfield code="d">YDXCP</subfield><subfield code="d">BTCTA</subfield><subfield code="d">BDX</subfield><subfield code="d">OCLCF</subfield><subfield code="d">CLE</subfield><subfield code="d">ZCU</subfield><subfield code="d">CDX</subfield><subfield code="d">COO</subfield><subfield code="d">NLGGC</subfield><subfield code="d">TOH</subfield><subfield code="d">AFMK</subfield></datafield><datafield ind1=" " ind2=" " tag="042"><subfield code="a">pcc</subfield></datafield><datafield ind1="0" ind2="0" tag="050"><subfield code="a">QE11</subfield><subfield code="b">.P69 2015</subfield></datafield><datafield ind1="0" ind2="0" tag="082"><subfield code="a">550</subfield><subfield code="2">23</subfield></datafield><datafield ind1=" " ind2=" " tag="084"><subfield code="a">38.01</subfield><subfield code="2">bcl</subfield></datafield><datafield ind1=" " ind2=" " tag="090"><subfield code="a">QE 11 P69 2015</subfield><subfield code="b">AFMK</subfield></datafield><datafield ind1="1" ind2=" " tag="100"><subfield code="a">Powell, James Lawrence,</subfield><subfield code="d">1936-</subfield></datafield><datafield ind1="1" ind2="0" tag="245"><subfield code="a">Four revolutions in the earth sciences :</subfield><subfield code="b">from heresy to truth /</subfield><subfield code="c">James Lawrence Powell.</subfield></datafield><datafield ind1=" " ind2="1" tag="264"><subfield code="a">New York :</subfield><subfield code="b">Columbia University Press,</subfield><subfield code="c">[2015]</subfield></datafield><datafield ind1=" " ind2=" " tag="300"><subfield code="a">xvi, 367 pages :</subfield><subfield code="b">illustrations ;</subfield><subfield code="c">24 cm</subfield></datafield><datafield ind1=" " ind2=" " tag="336"><subfield code="a">text</subfield><subfield code="2">rdacontent</subfield></datafield><datafield ind1=" " ind2=" " tag="337"><subfield code="a">unmediated</subfield><subfield code="2">rdamedia</subfield></datafield><datafield ind1=" " ind2=" " tag="338"><subfield code="a">volume</subfield><subfield code="2">rdacarrier</subfield></datafield><datafield ind1=" " ind2=" " tag="504"><subfield code="a">Includes bibliographical references and index.</subfield></datafield><datafield ind1=" " ind2="0" tag="650"><subfield code="a">Geology</subfield><subfield code="x">History.</subfield></datafield><datafield ind1=" " ind2="0" tag="650"><subfield code="a">Geological time.</subfield></datafield><datafield ind1=" " ind2="0" tag="650"><subfield code="a">Continental drift.</subfield></datafield><datafield ind1=" " ind2="0" tag="650"><subfield code="a">Meteoritic hypothesis.</subfield></datafield><datafield ind1=" " ind2="0" tag="650"><subfield code="a">Global warming.</subfield></datafield><datafield ind1=" " ind2=" " tag="596"><subfield code="a">8</subfield></datafield><datafield ind1=" " ind2=" " tag="926"><subfield code="a">QE 11 P69 2015</subfield><subfield code="w">LC</subfield><subfield code="c">1</subfield><subfield code="i">34917001374730</subfield><subfield code="l">ON_SHELF</subfield><subfield code="m">KEYANO</subfield><subfield code="p">$32.55</subfield><subfield code="r">Y</subfield><subfield code="s">Y</subfield><subfield code="t">BOOK</subfield><subfield code="u">3/2/2015</subfield><subfield code="o">.STAFF. Rec'd Apr/15 MW</subfield></datafield></record>